<record><leader>00000cas a22000007a 4500</leader><controlfield tag="001">21498915</controlfield><controlfield tag="008">900509d186u1876nyuwr ne      0    0eng d</controlfield><datafield ind1=" " ind2=" " tag="010"><subfield code="a">sn 90066056 </subfield></datafield><datafield ind1=" " ind2=" " tag="040"><subfield code="a">NYS</subfield><subfield code="b">eng</subfield><subfield code="c">NYS</subfield><subfield code="d">OCL</subfield><subfield code="d">KRTAS</subfield><subfield code="d">OCLCQ</subfield><subfield code="d">OCLCF</subfield><subfield code="d">OCLCO</subfield></datafield><datafield ind1="1" ind2=" " tag="029"><subfield code="a">AU@</subfield><subfield code="b">000020225500</subfield></datafield><datafield ind1=" " ind2=" " tag="042"><subfield code="a">msc</subfield></datafield><datafield ind1=" " ind2=" " tag="043"><subfield code="a">n-us-ny</subfield></datafield><datafield ind1="0" ind2=" " tag="130"><subfield code="a">Independent Republican (Goshen, N.Y. : 1863)</subfield></datafield><datafield ind1="1" ind2="0" tag="245"><subfield code="a">Independent Republican.</subfield></datafield><datafield ind1=" " ind2=" " tag="260"><subfield code="a">Goshen, N.Y. :</subfield><subfield code="b">Jas. J. McNally</subfield></datafield><datafield ind1=" " ind2=" " tag="300"><subfield code="a">v.</subfield></datafield><datafield ind1=" " ind2=" " tag="310"><subfield code="a">Weekly</subfield></datafield><datafield ind1="0" ind2=" " tag="362"><subfield code="a">-v. 63, no. 36 (Mar. 2, 1876).</subfield></datafield><datafield ind1=" " ind2=" " tag="588"><subfield code="a">Description based on: Vol. 50, no. 26 (Jan. 1, 1863).</subfield></datafield><datafield ind1=" " ind2="0" tag="651"><subfield code="a">Goshen (N.Y.)</subfield><subfield code="v">Newspapers.</subfield></datafield><datafield ind1=" " ind2="0" tag="651"><subfield code="a">Orange County (N.Y.)</subfield><subfield code="v">Newspapers.</subfield></datafield><datafield ind1=" " ind2="7" tag="655"><subfield code="a">Newspapers.</subfield><subfield code="2">fast</subfield><subfield code="0">(OCoLC)fst01423814</subfield></datafield><datafield ind1=" " ind2="7" tag="651"><subfield code="a">New York (State)</subfield><subfield code="z">Goshen.</subfield><subfield code="2">fast</subfield><subfield code="0">(OCoLC)fst01221923</subfield></datafield><datafield ind1=" " ind2="7" tag="651"><subfield code="a">New York (State)</subfield><subfield code="z">Orange County.</subfield><subfield code="2">fast</subfield><subfield code="0">(OCoLC)fst01206784</subfield></datafield><datafield ind1=" " ind2=" " tag="752"><subfield code="a">United States</subfield><subfield code="b">New York</subfield><subfield code="c">Orange</subfield><subfield code="d">Goshen.</subfield></datafield><datafield ind1="0" ind2="0" tag="780"><subfield code="t">Goshen independent Republican (Goshen, N.Y. : 1859)</subfield><subfield code="w">(DLC)sn 90066055</subfield><subfield code="w">(OCoLC)21498776</subfield></datafield><datafield ind1="0" ind2="0" tag="785"><subfield code="t">Goshen independent Republican (Goshen, N.Y. : 1876)</subfield><subfield code="w">(DLC)sn 90066057</subfield><subfield code="w">(OCoLC)21499032</subfield></datafield><datafield ind1=" " ind2=" " tag="938"><subfield code="a">Kirtas Technologies, Inc.</subfield><subfield code="b">KRTS</subfield><subfield code="n">740384</subfield></datafield></record>